@article{true2000,
  title={A yeast prion provides a mechanism for genetic variation and phenotypic diversity},
  author={True, Heather L and Lindquist, Susan L},
  journal={Nature},
  volume={407},
  number={6803},
  pages={477--483},
  year={2000},
  publisher={Nature Publishing Group UK London}
}

@book{schluter2000,
  title={The ecology of adaptive radiation},
  author={Schluter, Dolph},
  year={2000},
  publisher={OUP Oxford}
}

@article{plazzo2011,
  title={Bioinformatic and mutational analysis of channelrhodopsin-2 protein cation-conducting pathway},
  author={Plazzo, Anna Pia and De Franceschi, Nicola and Da Broi, Francesca and Zonta, Francesco and Sanasi, Maria Federica and Filippini, Francesco and Mongillo, Marco},
  journal={Journal of Biological Chemistry},
  volume={287},
  number={7},
  pages={4818--4825},
  year={2012},
  publisher={ASBMB}
}